@article{jha2013chronic,
 title={Chronic kidney disease: global dimension and perspectives},
 author={Jha, Vivekanand and Garcia-Garcia, Guillermo and Iseki, Kunitoshi and Li, Zuo and Naicker, Saraladevi and Plattner, Brett and Saran, Rajiv and Wang, Angela Yee-Moon and Yang, Chih-Wei},
 journal={The Lancet},
 volume={382},
 number={9888},
 pages={260--272},
 year={2013},
 publisher={Elsevier}
}
@article{levey2012chronic,
 title={Chronic kidney disease},
 author={Levey, Andrew S and Coresh, Josef},
 journal={The Lancet},
 volume={379},
 number={9811},
 pages={165--180},
 year={2012},
 publisher={Elsevier}
}
@article{assadi2012epidemic,
 title={The epidemic of pediatric chronic kidney disease: the danger of skepticism},
 author={Assadi, Farahnak},
 journal={Journal of nephropathology},
 volume={1},
 number={2},
 pages={61},
 year={2012},
 publisher={Society of Diabetic Nephropathy}
}
@article{arora2013prevalence,
 title={Prevalence estimates of chronic kidney disease in Canada: results of a nationally representative survey},
 author={Arora, Paul and Vasa, Priya and Brenner, Darren and Iglar, Karl and McFarlane, Phil and Morrison, Howard and Badawi, Alaa},
 journal={Canadian Medical Association Journal},
 pages={cmaj--120833},
 year={2013},
 publisher={Can Med Assoc}
}
@article{kerr2012estimating,
 title={Estimating the financial cost of chronic kidney disease to the NHS in England},
 author={Kerr, Marion and Bray, Benjamin and Medcalf, James and O'Donoghue, Donal J and Matthews, Beverley},
 journal={Nephrology Dialysis Transplantation},
 pages={gfs269},
 year={2012},
 publisher={ERA-EDTA}
}
@article{reutens2013epidemiology,
 title={Epidemiology of diabetic kidney disease},
 author={Reutens, Anne T},
 journal={Medical Clinics of North America},
 volume={97},
 number={1},
 pages={1--18},
 year={2013},
 publisher={Elsevier}
}
@article{grams2013lifetime,
 title={Lifetime incidence of CKD stages 3-5 in the United States},
 author={Grams, Morgan E and Chow, Eric KH and Segev, Dorry L and Coresh, Josef},
 journal={American Journal of Kidney Diseases},
 volume={62},
 number={2},
 pages={245--252},
 year={2013},
 publisher={Elsevier}
}
@article{moynihan2012preventing,
 title={Preventing overdiagnosis: how to stop harming the healthy},
 author={Moynihan, Ray and Doust, Jenny and Henry, David and others},
 journal={Bmj},
 volume={344},
 pages={e3502},
 year={2012},
 publisher={BMJ Publishing Group Ltd}
}
@article{godfrey2015monitoring,
 title={Monitoring acute and chronic kidney failure using statistical process control techniques},
 author={Godfrey, A Jonathan R and Russell, Greig KG and Betz-Stablein, Brigid D},
 journal={Quality Engineering},
 pages={1--9},
 year={2015},
 publisher={Taylor \& Francis}
}
@inproceedings{baldewijns2015automatic,
 title={Automatic detection of health changes using statistical process control techniques on measured transfer times of elderly},
 author={Baldewijns, Greet and Luca, Stijn and Nagels, William and Vanrumste, Bart and Croonenborghs, Tom},
 booktitle={Engineering in Medicine and Biology Society (EMBC), 2015 37th Annual International Conference of the IEEE},
 pages={5046--5049},
 year={2015},
 organization={IEEE}
}
@article{pimentel2015statistical,
 title={Statistical Process Control: Separating Signal from Noise in Emergency Department Operations},
 author={Pimentel, Laura and Barrueto, Fermin},
 journal={The Journal of emergency medicine},
 volume={48},
 number={5},
 pages={628--638},
 year={2015},
 publisher={Elsevier}
}
@article{poon2004wish,
 title={“I wish I had seen this test result earlier!”: dissatisfaction with test result management systems in primary care},
 author={Poon, Eric G and Gandhi, Tejal K and Sequist, Thomas D and Murff, Harvey J and Karson, Andrew S and Bates, David W},
 journal={Archives of internal medicine},
 volume={164},
 number={20},
 pages={2223--2228},
 year={2004},
 publisher={American Medical Association}
}
@article{callen2012failure,
 title={Failure to follow-up test results for ambulatory patients: a systematic review},
 author={Callen, Joanne L and Westbrook, Johanna I and Georgiou, Andrew and Li, Julie},
 journal={Journal of general internal medicine},
 volume={27},
 number={10},
 pages={1334--1348},
 year={2012},
 publisher={Springer}
}
@incollection{rosemann2015six,
 title={The six core elements of business process management},
 author={Rosemann, Michael and vom Brocke, Jan},
 booktitle={Handbook on Business Process Management 1},
 pages={105--122},
 year={2015},
 publisher={Springer}
}
@article{cheng2015run,
 title={Run Length Distribution of CUSUM Control Schemes for Negative Binominal Processes},
 author={Cheng, Sheng Shu and Yu, Fong-Jung},
 year={2015}
}
@incollection{epprecht2015statistical,
 title={Statistical Control of Multiple-Stream Processes: A Literature Review},
 author={Epprecht, Eugenio K},
 booktitle={Frontiers in Statistical Quality Control 11},
 pages={49--64},
 year={2015},
 publisher={Springer}
}
@article{pimentel2015statistical,
 title={Statistical Process Control: Separating Signal from Noise in Emergency Department Operations},
 author={Pimentel, Laura and Barrueto, Fermin},
 journal={The Journal of emergency medicine},
 volume={48},
 number={5},
 pages={628--638},
 year={2015},
 publisher={Elsevier}
}
@book{provost2011health,
 title={The health care data guide: learning from data for improvement},
 author={Provost, Lloyd P and Murray, Sandra},
 year={2011},
 publisher={John Wiley \& Sons}
}
@article{saunders2009understanding,
  title={Understanding research philosophies and approaches},
  author={Saunders, M and Lewis, P and Thornhill, A},
  journal={Research Methods for Business Students},
  volume={4},
  pages={106--135},
  year={2009}
}
@book{kvale2009interviews,
  title={Interviews: Learning the craft of qualitative research interviewing},
  author={Kvale, Steinar and Brinkmann, Svend},
  year={2009},
  publisher={Sage}
}
@article{polkinghorne2007validity,
  title={Validity issues in narrative research},
  author={Polkinghorne, Donald E},
  journal={Qualitative inquiry},
  volume={13},
  number={4},
  pages={471--486},
  year={2007},
  publisher={Sage Publications}
}
﻿@book{rubin2011qualitative,
 title={Qualitative interviewing: The art of hearing data},
 author={Rubin, Herbert J and Rubin, Irene S},
 year={2011},
 publisher={Sage}
}
@article{morse2002verification,
 title={Verification strategies for establishing reliability and validity in qualitative research},
 author={Morse, Janice M and Barrett, Michael and Mayan, Maria and Olson, Karin and Spiers, Jude},
 journal={International journal of qualitative methods},
 volume={1},
 number={2},
 pages={13--22},
 year={2002},
 publisher={SAGE Publications}
}
@article{GodfreyEtAl2014KidneyPaper,
author={Godfrey, A. Jonathan R. and Russell, Greig K. G. and Betz-Stablein, Brigid D.},
year={2016},
title={Monitoring acute and chronic kidney failure},
doi={10.1080/08982112.2015.1075555},
url={http://dx.doi.org/10.1080/08982112.2015.1075555},
journal={Quality Engineering},
volume={28},
number=2,
month=Apr,
pages={184-192}
}
@article{morris2011answer,
  title={The answer is 17 years, what is the question: understanding time lags in translational research},
  author={Morris, Zo{\"e} Slote and Wooding, Steven and Grant, Jonathan},
  journal={Journal of the Royal Society of Medicine},
  volume={104},
  number={12},
  pages={510--520},
  year={2011},
  publisher={SAGE Publications}
}
@Manual{rstat2013,   
  title = {R: A Language and Environment for Statistical Computing},
  author = {{R Core Team}},
  organization = {R Foundation for Statistical Computing},
  address = {Vienna, Austria},
  year = {2013},
  url = {http://www.R-project.org/},
  }
